@article{Policy2010,
author = {Policy, P.O.I.O. and Force, T.},
file = {:home/scw/.local/share/data/Mendeley Ltd./Mendeley Desktop/Downloaded/Lakes, Commission - 2010 - Marine Spatial Planning A Call for Action.pdf:pdf},
journal = {Oceanography},
number = {March},
pages = {9},
title = {{Marine Spatial Planning: A Call for Action}},
url = {http://www.tos.org/oceanography/issues/issue\_archive/issue\_pdfs/23\_1/23-1\_thoroughgood.pdf},
year = {2010}
}
