@misc{VOSOverview,
  title = {{JCOMM} Voluntary Observing Ship Scheme},
  author = {Julie Fletcher},
  type = {web page},
  publisher = {Australian Bureau of Meteorology},
  url = "http://www.bom.gov.au/jcomm/vos/vos.html",
  month = "April",
  year = {2010}
}

@misc{MLPA,
  title = {Marine Life Protection Act Initiative},
  author = {California legislature},
  type = {web page},
  publisher = {California Department of Fish and Game},
  url = "http://www.dfg.ca.gov/mlpa/",
  year = {1999}
}

@misc{FGDC,
  author = {{Federal Geographic Data Committee}},
  year = {2008},
  title = {Geographic Information Framework Data Content Standard Part 0: Base Document. FGDC-STD-014.0-2008},
  type = {web page},
}
% url = "http://www.fgdc.gov/standards/projects/FGDC-standards-projects/framework-data-standard/GI_FrameworkDataStandard_Part0_Base.pdf",

@misc{VOSClim,
  title = {{NCDC: Volunteer Observing Ship Climate Project}},
  author = {J. Eric Freeman},
  publisher = {National Climatic Data Center},
  url = "http://www.ncdc.noaa.gov/oa/climate/vosclim/vosclim.html",
  month = "Jan",
  year = {2010}
}

@misc{SAILWX,
  title = {{Sailwx.info}},
  author = {Harold Mueller},
  publisher = {Mobile Geographics LLC},
  url = {http://www.sailwx.info},
  year = {2011}
}

@misc{MarineTraffic,
  title = {Live Ships Map - AIS},
  author = {{Univeristy of the Aegean}},
  url = {http://www.marinetraffic.com/ais/},
  year = {2010}
}

@misc{MarineTrafficExample,
  title = {ALJALAA - Vessel's details and current position},
  author = {Univeristy of the Aegean},
  url = {http://www.marinetraffic.com/ais/shipdetails.aspx?mmsi=642122024},
  year = {2010}
}

@misc{MARXAN,
  title = {Marxan - The University of Queensland},
  author = {Hugh Possingham},
  url = {http://www.uq.edu.au/marxan/},
  year = {2010}
}

@misc{MPAInventory,
  title = {The Marine Protected Areas Inventory},
  author = {National Marine Protected Areas Center},
  url = {http://mpa.gov/dataanalysis/mpainventory/},
  year = {2010}
}

@book{UNEP2006,
  title = {{Marine and Coastal Ecosystems and Human Well-Being: A Synthesis Report Based on Findings of the Millennium Ecosystem Assessment}},
  author = {United Nations Environment Programme},
  publisher = {United Nations Environment Programme},
  address = {Nairobi, Kenya},
  pages = {64},
  year = {2006}
}
 
@book{haines1977,
  title={{The Yellowstone story: a history of our first national park}},
  author={Haines, A.L.},
  year={1977},
  publisher={Univ Pr of Colorado}
}

@misc{Forman2003,
  address = {Washington, DC},
  author = {Forman, Richard T T},
  isbn = {1559639326 9781559639323 1559639334 9781559639330},
  publisher = {Island Press},
  title = {{Road Ecology: Science and Solutions}},
  year = {2003},
  pages = {16}
}

@misc{UNCTAD,
  address = {New York, NY},
  author = {United Nations Council on Trade and Development (UNCTAD)},
  isbn = {9211126991},
  title = {Review of Maritime Transport},
  year = {2006}
}

@misc{Bachelard2008,
  address = {Boston},
  author = {Bachelard, Gaston and Jolas, M},
  isbn = {9780807064733 0807064734},
  publisher = {Beacon Press},
  title = {{The Poetics of Space (translated from 1959 original)}},
  year = {2008}
}


@misc{UNESCOMSP,
  title = {UNESCO-MSP - Marine Spatial Planning},
  author = {UNESCO},
  url = {http://www.unesco-ioc-marinesp.be/marine_spatial_planning_msp},
  year = {2010}
}

@misc{NOAAMSP,
  title = {California Marine Life Protection Act Initiative},
  author = {NOAA Coastal and Marine Spatial Planning},
  url={http://www.msp.noaa.gov/examples/california.html},
  year = {2010}
}

@misc{FAOfishing,
  title={Vishing Vessels},
  author = {{Food and Agriculture Organization}},
  organization = {Fisheries and Aquaculture Department, Food and Agriculture Organization},
  url={http://www.fao.org/fishery/topic/1616/en},
  year={2012}
}
