@manual{ramsey2005postgis,
  title={PostGIS manual},
  author={Ramsey, P. and others},
  journal={Refractions Research Inc},
  year={2005}
}

@manual{RDevelopmentCoreTeam2011,
  address={Vienna, Austria},
  author={R Development Core Team},
  organization={R Foundation for Statistical Computing},
  title={{R: A Language and Environment for Statistical Computing}},
  url={http://www.r-project.org/},
  year={2011}
}

@misc{postgresql, 
  author={{P}ostgre{SQL} {G}lobal {D}evelopment {G}roup}, 
  title="Postgre{SQL} 8.4.14", 
  howpublished="\url{http://www.postgresql.org}", 
  year=2012
}

@manual{KML,
  author={{Open Geospatial Consortium Inc.}},
  title={OGC KML 07-147r2},
  howpublished="\url{http://www.opengeospatial.org/standards/kml}",
  journal={OGC Encoding Standard},
  year=2008,
  month=04,
  edition={2.2.0}
}

@misc{OGCSimple,
  author={{Open Geospatial Consortium Inc.}},
  title={Simple features specification for SQL},
  year={2010},
  publisher={Technical Report Revision 1.1, OGC},
  edition={1.2.1}
}

@inproceedings{Jurczyk2008fril,
  title={FRIL: A tool for comparative record linkage},
  author={Jurczyk, P. and Lu, J.J. and Xiong, L. and Cragan, J.D. and Correa, A.},
  booktitle={AMIA Annual Symposium Proceedings},
  volume={2008},
  pages={440},
  year={2008},
  organization={American Medical Informatics Association}
}

@manual{esri2012,
  title={ArcGIS 10.1},
  organization={Environmental Systems Research Institute},
  author={{Esri}},
  address={California, USA},
  year={2012}
}
