

IMO. 1982; International Maritime Organization 1982; Inter-governmental Conference on the Convention on the
Dumping of Wastes at Sea, London, 30 October – 13 November, 1972. Final Act of the Conference with attachments
including the Convention for the Prevention of Marine Pollution by Dumping of Wastes and Other Matter. (1982
Edition) IMO, London.

IMO 2001; International Maritime Organisation 2001. International Convention on the Control of Harmful Anti-
fouling Systems on Ships. http://www.imo.org/Conventions/mainframe.asp?topic_id=529 (accessed 04-04-2005).

IMO. 2002; International Maritime Organisation 2002. Guidelines for the designation of special areas under Marpol
73/78 and guidelines for the identification and designation of particularly sensitive sea areas.
www.imo.org/Environment (accessed 16-05-05).

IMO. 2004; International Maritime Organisation 2004. International Convention on the Control and Management of
Ship’s Ballast Water and Sediments. www.globallast.imo.org (accessed 04-04-2005).

@techreport{Itu-r2010,
  abstract = {Technical characteristics for an automatic identification system using time-division multiple access in the VHF maritime mobile band},
  booktitle = {Lighthouse},
  author = {{ITU}},
  pages = {144},
  title = {{Recommendation ITU-R M.1371-4}},
  volume = {4},
  year = {2010}
}

@misc{no20041028,
  title={1028 On the Automatic Identification System (AIS) Volume 1, Part I, Operational Issues},
  author={{IALA AISM}},
  organization = {{International Association of Marine Aids to Navigation and Lighthouse Authorities}},
  year={2004},
  publisher={Edition}
}

@unpublished{RaymondInPress,
  author = {Raymond, Eric S. and Schwehr, Kurt},
  title = {The Toils of AIS: A Case Study in Application Protocol Design and Analysis},
  year = {2012},
  note = {Unpublished Draft},
  url = {{https://gitorious.org/toils-of-ais/toils-of-ais}}
}

@misc{solas,
  title = {International convention for the Safety of Life at Sea (SOLAS), Chapter V Safety of Naviation, Regulation 19},
  author = {{International Maritime Organization}},
  year = {1980}
}
