@inproceedings{Gore1998,
  author = "Gore, A.",
  title = "The Digital Earth: Understanding our planet in the 21st centry",
  publisher = "Presented at the California Science Center, Los Angeles, California",
  year = {1998}
}

@article{goodchild2008use,
  title={The use cases of digital earth},
  author={Goodchild, M.F.},
  journal={International Journal of Digital Earth},
  volume={1},
  number={1},
  pages={31--42},
  year={2008},
  publisher={Taylor \& Francis}
}

@article{goodchild1999cartographic,
  title={Cartographic futures on a digital earth},
  author={Goodchild, M.F.},
  journal={The Map Reader},
  pages={141--146},
  year={1999},
  publisher={Wiley Online Library}
}


@unpublished{goodchildunpublishedDE,
  title={The future of Digital Earth},
  author={Goodchild, M.F.},
  journal={Annals of GIS},
  year={2012}
}

@article{goodchild2010thinking,
  title={Toward critical spatial thinking in the social sciences and humanities},
  author={Goodchild, M.F. and Janelle, D.G.},
  journal={GeoJournal},
  volume={75},
  number={1},
  pages={3--13},
  year={2010}
}

@book{de2007geospatial,
  title={Geospatial analysis: a comprehensive guide to principles, techniques and software tools},
  author={De Smith, M.J. and Goodchild, M.F. and Longley, P.},
  year={2007},
  publisher={Troubador Publishing}
}

@article{Goodchild1992,
  title={Geographical information science},
  author={Goodchild, M.F.},
  journal={International Journal of Geographical Information Systems},
  volume={6},
  number={1},
  pages={31--45},
  year={1992},
  publisher={Taylor \& Francis}
}

@book{Bertin1983,
  title={Semiology of graphics: diagrams, networks, maps},
  author={Bertin, J.},
  year={1983},
  publisher={University of Wisconsin press}
}
@unpublished{goodchildunpublishedFORMAL,
  title={Formalization of GIS Functionality},
  author={Goodchild, M.F.},
  year={2012}
}

@article{goodchild2010thinking,
  title={Toward critical spatial thinking in the social sciences and humanities},
  author={Goodchild, M.F. and Janelle, D.G.},
  journal={GeoJournal},
  volume={75},
  number={1},
  pages={3--13},
  year={2010}
}

@Book{Okabe00,
  author = "Atsuyuki Okabe and Barry Boots and Kokichi Sugihara and Sung Nok Chiu",
  title = "Spatial tessellations: Concepts and applications of {V}oronoi diagrams",
  publisher = "Wiley",
  year = "2000",
  series = "Probability and Statistics",
  address = "NYC",
  edition = "2nd",
  note = "671 pages."
}

@book{tilman1997,
    address = {Princeton \& Oxford, USA},
    author = {Tilman, D. and Kareiva, P. M.},
    citeulike-article-id = {728451},
    key = {Key-616198307},
    keywords = {biogeography, mdb, population\_dynamics},
    posted-at = {2006-07-02 14:49:34},
    priority = {0},
    publisher = {Princeton University Press},
    title = {Spatial ecology. The role of space in population dynamics and interspecific interactions},
    year = {1997}
}

@book{krugman1991geography,
  title={Geography and Trade},
  author={Krugman, P.R.},
  isbn={9780262610865},
  lccn={91011984},
  series={Gaston Eyskens Lecture Series},
  url={http://books.google.com/books?id=AQDodCHOgJYC},
  year={1991},
  publisher={Leuven University Press}
}
@article{Goodchild1992,
  title={Geographic Data Modeling},
  author={Goodchild, M.F.},
  journal={Computers \& Geosciences},
  pages={401-408},
  year={1992},
}

@article{Goodchild2007,
author = {Goodchild, Michael F. and Yuan, May and Cova, Thomas J.},
title = {Towards a general theory of geographic representation in GIS},
journal = {International Journal of Geographical Information Science},
volume = {21},
number = {3},
pages = {239-260},
year = {2007},
doi = {10.1080/13658810600965271},

URL = {http://www.tandfonline.com/doi/abs/10.1080/13658810600965271},
eprint = {http://www.tandfonline.com/doi/pdf/10.1080/13658810600965271}
}


@book{miller2009geographic,
  title={Geographic data mining and knowledge discovery},
  author={Miller, H.J. and Han, J.},
  year={2009},
  publisher={CRC}
}

@article{Regan2002,
  title={A taxonomy and treatment of uncertainty for ecology and conservation biology},
  author={Regan, H.M.},
  journal={Ecological applications},
  volume={12},
  number={2},
  pages={618--628},
  year={2002},
  publisher={Eco Soc America}
}

@article{doi:10.1080/13658810600965271,
author = {Goodchild, Michael F. and Yuan, May and Cova, Thomas J.},
title = {Towards a general theory of geographic representation in GIS},
journal = {International Journal of Geographical Information Science},
volume = {21},
number = {3},
pages = {239-260},
year = {2007},
doi = {10.1080/13658810600965271},

URL = {http://www.tandfonline.com/doi/abs/10.1080/13658810600965271},
eprint = {http://www.tandfonline.com/doi/pdf/10.1080/13658810600965271}
}


@article{Goodchild1999,
  title={Measurement-based GIS},
  author={Goodchild, M.F.},
  journal={Proceedings, International Symposium on Spatial Data Quality, Hong Kong},
  pages={9},
  year={1999},
}

@book{miller2009geographic,
  title={Geographic data mining and knowledge discovery},
  author={Miller, H.J. and Han, J.},
  year={2009},
  publisher={CRC}
}

@article{Regan2002,
  title={A taxonomy and treatment of uncertainty for ecology and conservation biology},
  author={Regan, H.M.},
  journal={Ecological applications},
  volume={12},
  number={2},
  pages={618--628},
  year={2002},
  publisher={Eco Soc America}
}
@article{goodchild2007citizens,
  title={Citizens as sensors: the world of volunteered geography},
  author={Goodchild, M.F.},
  journal={GeoJournal},
  volume={69},
  number={4},
  pages={211--221},
  year={2007},
  publisher={Springer}
}

@article{goodchild2010crowdsourcing,
  title={Crowdsourcing geographic information for disaster response: a research frontier},
  author={Goodchild, M.F. and Glennon, J.A.},
  journal={International Journal of Digital Earth},
  volume={3},
  number={3},
  pages={231--241},
  year={2010},
  publisher={Taylor \& Francis}
}

@article{goodchildli2012,
  title={Assuring the quality of volunteered geographic information},
  author={Goodchild, M.F. and Li, Linna},
  journal={Spatial Statistics},
  year={2012},
  pages={110--120},
  publisher={Elsevier}
}

@unpublished{CurrierInPress,
author = {Currier, Katharine E. and Goodchild, Michael F. and Li, Linna and Hurt, Indy and Mooney, Peter},
title = {The Social Construction of Feature Types in Volunteered Geographic Information},
year = {2012}
}

@article{hardy2012volunteered,
  title={Volunteered geographic information production as a spatial process},
  author={Hardy, D. and Frew, J. and Goodchild, M.F.},
  year={2012},
  publisher={Taylor \& Francis}
}

@book{Zhang2002,
  address = {London; New York},
  author = {Zhang, Jingxiong and Goodchild, Michael F},
  isbn = {0415243343  9780415243346},
  publisher = {Taylor \& Francis},
  title = {{Uncertainty in geographical information}},
  year = {2002}
}

@article{elwood2011researching,
  title={Researching Volunteered Geographic Information: Spatial Data, Geographic Research, and New Social Practice},
  author={Elwood, S. and Goodchild, M.F. and Sui, D.Z.},
  year={2011},
  publisher={Taylor \& Francis}
}

@article{miller2008field,
  title={A field-based theory for time geography},
  author={Miller, H.J. and Bridwell, S.A.},
  journal={Annals of the Association of American Geographers},
  volume={99},
  number={1},
  pages={49--75},
  year={2008},
  publisher={Taylor \& Francis}
}
